@manual{Bing_covid,
      title  = {Bing-COVID19-Data},
      author = {Microsoft},
      note   = "\url{https://raw.githubusercontent.com/microsoft/Bing-COVID-19-Data/master/data/Bing-COVID19-Data.csv}, visited last: \today"
    }
    
@article{nbc_miami_2020, 
        title={Miami-Dade County Takes New Measures to Stop Spread of Coronavirus},
        note= {\url{https://www.nbcmiami.com/multimedia/miami-dade-county-takes-new-measures-to-stop-spread-of-coronavirus/2257596/}, visited last \today}, 
        journal={NBC Miami}, 
        year={2020}, month={Jul}
    }
        
@article{bbc_2020, 
        title={In pictures: How coronavirus swept through Brazil},
        note= {\url{https://www.bbc.com/news/world-latin-america-53429430}, visited last \today}, 
        journal={BBC}, 
        year={2020}, month={Jul}
    }

@article{theGuardian_2020, 
        title={Global report: July's terrible toll revealed as coronavirus cases double every six weeks},
        note= {\url{https://www.theguardian.com/world/2020/aug/03/global-report-julys-terrible-toll-revealed-as-coronavirus-cases-double-every-six-weeks}, visited last \today}, 
        journal={The Guardian}, 
        year={2020}, month={Jul}
    }
        
@manual{model
        title = {Auto ARIMA using Pyramid ARIMA Python Package},
        author = {Sudeep mathew},
        note = "url{https://datafai.com/auto-arima-using-pyramid-arima-python-package/}, visited last: \today"
    }
    
@manual{auto_arima,
        title = {Auto Arima documentation},
        note = "\url{https://alkaline-ml.com/pmdarima/modules/generated/pmdarima.arima.auto_arima.html}, visited last: \today"
    }
    
@manual{plot_diagnostics,
        title = {Plot Diagnostics documentation},
        note = "\url{https://alkaline-ml.com/pmdarima/modules/generated/pmdarima.arima.ARIMA.html?highlight=plot_diagnostics#pmdarima.arima.ARIMA.plot_diagnostics}, visited last: \today"
    }